@article{kschischang2003codes,
  title={Codes defined on graphs},
  author={Kschischang, Frank R},
  journal={Communications Magazine, IEEE},
  volume={41},
  number={8},
  pages={118--125},
  year={2003},
  publisher={IEEE}
}

@article{kschischang2001factor,
  title={Factor graphs and the sum-product algorithm},
  author={Kschischang, Frank R and Frey, Brendan J and Loeliger, H-A},
  journal={Information Theory, IEEE Transactions on},
  volume={47},
  number={2},
  pages={498--519},
  year={2001},
  publisher={IEEE}
}

@article{loeliger2004introduction,
  title={An introduction to factor graphs},
  author={Loeliger, H-A},
  journal={Signal Processing Magazine, IEEE},
  volume={21},
  number={1},
  pages={28--41},
  year={2004},
  publisher={IEEE}
}

@article{loeliger2007factor,
  title={The factor graph approach to model-based signal processing},
  author={Loeliger, H-A and Dauwels, Justin and Hu, Junli and Korl, Sascha and Ping, Li and Kschischang, Frank R},
  journal={Proceedings of the IEEE},
  volume={95},
  number={6},
  pages={1295--1322},
  year={2007},
  publisher={IEEE}
}

@inproceedings{atkins2014density,
  title={Density Evolution for SUDOKU codes on the Erasure Channel},
  author={Atkins, Caroline and Sayir, Jossy},
  booktitle={Turbo Codes and Iterative Information Processing (ISTC), 2014 8th International Symposium on},
  pages={233--237},
  year={2014},
  organization={IEEE}
}

@article{sayir2015investigation,
  title={An investigation of SUDOKU-inspired non-linear codes with local constraints},
  author={Sayir, Jossy and Sarwar, Joned},
  journal={arXiv preprint arXiv:1504.03946},
  year={2015}
}

@inproceedings{moon2006multiple,
  title={Multiple constraint satisfaction by belief propagation: An example using sudoku},
  author={Moon, Todd K and Gunther, Jacob H},
  booktitle={Adaptive and Learning Systems, 2006 IEEE Mountain Workshop on},
  pages={122--126},
  year={2006},
  organization={IEEE}
}

@article{casado2010ldpc,
  title={LDPC decoders with informed dynamic scheduling},
  author={Casado, Andres I Vila and Griot, Miguel and Wesel, Richard D and others},
  journal={IEEE Transactions on communications},
  volume={58},
  number={12},
  pages={3470--3479},
  year={2010},
  publisher={IEEE}
}


@misc{magictour,
  title = {Guenter Stertenbrink and Jean Charles Meyrignac Top Sudoku website},
  howpublished = {\url{http://magictour.free.fr/sudoku.htm}},
  note = {Accessed: 2015-07-30}
}

@misc{gordon,
  title = {Gordon Royle's minimum sudokus},
  howpublished = {\url{http://staffhome.ecm.uwa.edu.au/~00013890/sudokumin.php}},
  note = {Accessed: 2015-07-30}
}

@misc{sugen,
  title = {Sudoku Generator},
  howpublished = {\url{http://www.sudokuweb.org/}},
  note = {Accessed: 2015-07-30}
}